<?xml version="1.0" encoding="UTF-8"?><record xmlns="http://www.loc.gov/MARC21/slim" xmlns:cinclude="http://apache.org/cocoon/include/1.0" xmlns:zs="http://www.loc.gov/zing/srw/">
  <leader>00782nz  a2200181n  4500</leader>
  <controlfield tag="001">no2009087834</controlfield>
  <controlfield tag="003">DLC</controlfield>
  <controlfield tag="005">20090610075541.0</controlfield>
  <controlfield tag="008">090608n| acannaabn          |b aaa     c</controlfield>
  <datafield tag="010" ind1=" " ind2=" ">
    <subfield code="a">no2009087834</subfield>
  </datafield>
  <datafield tag="035" ind1=" " ind2=" ">
    <subfield code="a">(OCoLC)oca08134273</subfield>
  </datafield>
  <datafield tag="040" ind1=" " ind2=" ">
    <subfield code="a">InU</subfield>
    <subfield code="b">eng</subfield>
    <subfield code="c">InU</subfield>
  </datafield>
  <datafield tag="100" ind1="1" ind2=" ">
    <subfield code="a">Sharakhmatova, V. N.</subfield>
    <subfield code="q">(Viktorii︠a︡ Nikolaevna)</subfield>
  </datafield>
  <datafield tag="400" ind1="1" ind2=" ">
    <subfield code="a">Шарахматова, В. Н.</subfield>
    <subfield code="q">(Виктория Николаевна)</subfield>
  </datafield>
  <datafield tag="400" ind1="1" ind2=" ">
    <subfield code="a">Шарахматова, Виктория Николаевна</subfield>
  </datafield>
  <datafield tag="400" ind1="1" ind2=" ">
    <subfield code="a">Sharakhmatova, Viktorii︠a︡ Nikolaevna</subfield>
  </datafield>
  <datafield tag="667" ind1=" " ind2=" ">
    <subfield code="a">Non-Latin script reference not evaluated.</subfield>
  </datafield>
  <datafield tag="670" ind1=" " ind2=" ">
    <subfield code="a">Tradit︠s︡ionnye znanii︠a︡ kak kulʹturnoe nasledie korennykh narodov Kamchatki, 2008:</subfield>
    <subfield code="b">t.p. (V.N. Sharakhmatova) colophon (Sharakhmatova Viktorii︠a︡ Nikolaevna)</subfield>
  </datafield>
</record>